@online{wpKalman,
  organization = {Wikipedia},
  url = {https://en.wikipedia.org/wiki/Kalman_filter},
  title = {Kalman filter},
  date = 2017,
  urldate = {2017-12-16}
}

@online{wpCovariance,
  organization = {Wikipedia},
  url = {https://en.wikipedia.org/wiki/Covariance},
  title = {Covariance},
  date = {2017},
  urldate = {2017-12-16}
}

@online{randomExperiment,
  title = {Probability - Part I},
  url = {http://aix1.uottawa.ca/~glamothe/mat2377/ProbabilityI.pdf},
  urldate = {2017-12-16},
  date = {2017}
}

@online{randomVariable,
  title = {Random variables},
  organization = {Massachusetts Institute of Technology},
  url = {https://ocw.mit.edu/courses/electrical-engineering-and-computer-science/6-436j-fundamentals-of-probability-fall-2008/lecture-notes/MIT6_436JF08_lec05.pdf},
  urldate = {2017-12-16},
  date = {2017}
}

@online{samplePoint,
  title = {Lecture 3: Probability},
  organization = {University of California, Davis, Department of Statistics},
  url = {www.stat.ucdavis.edu/~ntyang/teaching/12SSII/lecture03.pdf},
  urldate = {2017-12-16},
  date = {2017}
}

@online{wpExpectedValue,
  title = {Expected value},
  organization = {Wikipedia},
  url = {https://en.wikipedia.org/wiki/Expected_value},
  urldate = {2017-12-16},
  date = {2017}
}

@article{kalman60,
    Author = {Kalman, Rudolph Emil},
    Title = {A New Approach to Linear Filtering and Prediction Problems},
    Journal = {Transactions of the ASME--Journal of Basic Engineering},
    Volume = {82},
    Number = {Series D},
    Pages = {35--45},
    Year = {1960}
}

@online{shum,
  author = {Matthew Shum},
  title = {Introduction to Probability Theory},
  organization = {Caltech},
  urldate = {2017-12-16},
  url = {www.hss.caltech.edu/~mshum/stats/lect1.pdf}
}

@online{wpRandomVector,
  title = {Multivariate random variable},
  organization = {Wikipedia},
  url = {https://en.wikipedia.org/wiki/Multivariate_random_variable},
  urldate = {2017-12-16},
  date = {2017}
}

@online{wpProbabilitySpace,
  title = {Probability space},
  organization = {Wikipedia},
  url = {https://en.wikipedia.org/wiki/Probability_space},
  urldate = {2017-12-16},
  date = {2017}
}
